
%%%%%%%%%%%%%%%%%%%%%%%%%%%%%%%%%%%%%%%%%%%%%%%%%%%%%%%%%%%%%%%%%%%
@article{brinkmann2014,
  title={Det kvalitative interview},
  author={Brinkmann, Svend},
  year={2014},
  publisher={Hans Reitzel}
}

@article{kvale2015,
  title={Det kvalitative foriskningsinterview som håndværk},
  author={Kvale, Steinar},
  year={2015},
  publisher={Hans Reitzels Forlag}
}

@article{difhistorie,
  title = {Idrættens historie i Danmark},
  author = {DIF},
  url = {https://bit.ly/2PwGJIu},
  note = {Tilgået d. 01/11-2018}
}

@article{idrætTal2017,
  title = {Idaræatten i tal 2017},
  author = {Fester, Michael; Gottlieb, Peter},
  url = {https://bit.ly/2DlYggC},
  year = {2018},
  publisher = {Danmarks Idrætsforbund}
 }

% skille linje nedenunder her er filerne ikke blevet brugt endnu
%%%%%%%%%%%%%%%%%%%%%%%%%%%%%%%%%%%%%%%%%%%%%%%%%%%%%%%%%%%%%%%%%%%

@article{fester2018,
  title={Idrætten i tal 2017: Status på foreningsidrætten i Danmark},
  author={Fester, Michael; Gottlieb, Peter},
  year={2018},
  publisher={Danmarks Idrætsforbund}
}

@article{forsberg2016,
  title={Fremtidens idrætsfaciliteter i Frederiksberg kommune},
  author={Forsberg, Peter; Nielsen, Christian Gjersing},
  year={2016},
  publisher={Idrættens Analyseinstitut}
}




